<?xml version="1.0" encoding="UTF-8"?><record xmlns="http://www.loc.gov/MARC21/slim" xmlns:cinclude="http://apache.org/cocoon/include/1.0" xmlns:zs="http://www.loc.gov/zing/srw/">
  <leader>00611cz  a2200181n  4500</leader>
  <controlfield tag="001">n  88197632 </controlfield>
  <controlfield tag="003">DLC</controlfield>
  <controlfield tag="005">20081016081123.0</controlfield>
  <controlfield tag="008">900222n| acannaabn          |b ana      </controlfield>
  <datafield tag="010" ind1=" " ind2=" ">
    <subfield code="a">n  88197632 </subfield>
  </datafield>
  <datafield tag="035" ind1=" " ind2=" ">
    <subfield code="a">(OCoLC)oca02691180</subfield>
  </datafield>
  <datafield tag="040" ind1=" " ind2=" ">
    <subfield code="a">DLC</subfield>
    <subfield code="b">eng</subfield>
    <subfield code="c">DLC</subfield>
    <subfield code="d">DLC</subfield>
    <subfield code="d">OCoLC</subfield>
  </datafield>
  <datafield tag="110" ind1="1" ind2=" ">
    <subfield code="a">Shiga-ken (Japan).</subfield>
    <subfield code="b">Kenchikuka</subfield>
  </datafield>
  <datafield tag="410" ind1="1" ind2=" ">
    <subfield code="a">Shiga-ken (Japan).</subfield>
    <subfield code="b">Dobokubu.</subfield>
    <subfield code="b">Kenchikuka</subfield>
  </datafield>
  <datafield tag="410" ind1="1" ind2=" ">
    <subfield code="a">滋賀県 (Japan).</subfield>
    <subfield code="b">建築課</subfield>
  </datafield>
  <datafield tag="667" ind1=" " ind2=" ">
    <subfield code="a">Machine-derived non-Latin script reference project.</subfield>
  </datafield>
  <datafield tag="667" ind1=" " ind2=" ">
    <subfield code="a">Non-Latin script reference not evaluated.</subfield>
  </datafield>
  <datafield tag="670" ind1=" " ind2=" ">
    <subfield code="a">Kenchiku no ayumi, 1989:</subfield>
    <subfield code="b">t.p. (Shiga-ken Dobokubu Kenchikuka)</subfield>
  </datafield>
</record>